
@misc{Authors14,
 author = {Authors},
 title = {The frobnicatable foo filter},
 note = {Face and Gesture  submission ID 324. Supplied as additional material {\tt fg324.pdf}},
}

@article{ref1,
author = {A. Krizhevsky, I. Sutskever, and G.E. Hinton},
title = {ImageNet classification with deep convolutional neural netowrk},
journal = {In NIPS},
year = 2012
}

@article{ref2,
author = {K. Simony and A.Zisserman},
title = {Very deep convolutional networks for large-scale image recognition},
journal = {In ICLR},
year = 2015
}

@article{ref3,
author = {C. Szegedy, W.Liu, Y.Jia, P.Sermanet, S. Reed, D. Anguelov, D.Erhan, V. Vanhoucke, and A. Rabinovich},
title = {Going deeper with convolutions.},
journal = {In CVPR},
year = 2015 
}

@article{ref4,
author = {R. Girshick, J.Donahue, T.Darrell, and J.Malik},
title = {Rich feature hierarchies for accurate object detection and semantic segmentation},
journal = {In CVPR},
year = 2014
}

@article{ref5,
author = {B.Hariharan, P.Arbelaez, L.Bourdev, S. Maji, and J.Malik},
title = {Semantic contours from inverse detectors},
journal = {In ICCV},
year = 2011
}

@article{ref6,
author = {C.Farabet, C.Couprie, L.Najman, and Y.LeCun},
title = {Learning hierarchical features for scene labeling},
journal = {TPAMI},
volume = 35, 
number = 8, 
pages = {1915--1929}, 
year = 2013
}

@article{ref7,
author = {M.Mostajabi, P.Yadollaphour, and G.Shakhnarovish},
title = {Feed-forward semantic segmentation with zoom-out features},
journal = {In CVPR},
year = 2015
}

@article{ref8,
author = {S.Hong, T.You, S.Kwak, and B. Han},
title = {Online tracking by learning discriminative saliency map with convolutional neural network},
journal = {In ICML},
year = 2015
}

@article{ref9,
author = {S. Ji, W. Xu, M.Yang, and K.Yu},
title = {3D convolutional neural networks for human action recognition},
journal = {TPAMI},
volume = 35, 
number = 1, 
pages = {221--231}, 
year = 2013
}

@article{ref10,
author = {K.Simonyan and A.Zisserman},
title = {Two-stream convolutional networks for action recognition in videos},
journal = {In NIPS},
year = 2014
}

@article{ref11,
author = {Hiroki Tokunaga, Yuki Teramoto, Akihiko Yoshizawa and Ryoma Bise},
title = {Adaptive Weighting Multi-Field-of-View CNN for semantic Segmentation in Pathology},
journal = {In CVPR},
year = 2019
}

@article{ref12,
author = {Liu Li, Mai xu, Xiaofei Wang, Lai Jiang and Hanruo Liu},
title = {Attention Based Glaucoma Detection: A Large-scale Database and CNN Model},
journal = {In CVPR},
year = 2019
}

@article{ref13,
author = {Fandong Zhang, Ling Luo, Xinwei Sun, Zhen Zhou and Xiuli Li},
title = {Cascaded Generative and Discriminative Learning for Microcalcification Detection in Brease Mammograms},
journal = {In CVPR},
year = 2019
}

@article{ref14,
author = {Yi Zhou, Xiaodong He, Lei Huang, Li Liu, Fan Zhu, Shanshan Cui and Ling Shao},
title = {Collaborative Learning of Semi-Supervised Segmentation and Classification for Medical Images},
journal = {In CVPR},
year = 2019 
}

@article{ref15,
author = {J.Donahue, Y,Jia, O.Vinyals, J. Hoffman, N.Zhang, E.Tzeng, and T.Darrell},
title = {DeCAF: A deep convolutional activation feature for generic visiual recognition},
journal = {CoRR},
volume = abs, 
pages = {1310--1531}, 
year = 2013
}

@article{ref16,
author = {A.S. Razavin, H.Azizpour, J.Sullivan, and S.Carlsson},
title = {CNN features off-the-shelf: An astounding baseline for recognition},
journal = {In DeepVision workshop},
year = 2014
}

@article{ref17,
author = {[1] M.Cimpoi, S.Maji, I. Kokkinos, S.Mohamed, and A. Vedaldi},
title = {Describing textures in the wild},
journal = {In Proc. CVPR},
year = 2014
}

@article{ref18,
author = {Y. LeCun, B.E.Boser, J.S. Denker; D.Henderson, R.E. Howard, W.E. Hubbard, and L.D.Jackel},
title = {Handwritten digit recognition with a back-propagation netowrk},
journal = {In Advances in Neural Information Processing Systems(NIPS)},
pages = {396--404}, 
year = 1989
}

@article{ref19,
author = {[3] M.Oquad, L.Bottou, I.Laptev, and J.Sivic},
title = {Learning and transferring mid-level image representatons using convolutional neural networks},
journal = {In IEEE Conference on Computer Vision and Pattern Recognition, CVPR},
pages = {1717--1724}, 
year = 2014
}

@article{ref20,
author = {K.Chatfield, K.Simonyan, A. Vedaldi, and A.Zisserman},
title = {Return of the devil in the details: Delving deep into convolutional nets},
journal = {In British Machine Vision Conference, MNVC},
year = 2014
}

@article{ref21,
author = {D.G. Lowe},
title = {Distinctive image features from scale-invariant keypoint},
journal = {International Journal of Computer Vision},
volume = 60, 
number = 2,
pages = {91--110}, 
year = 2004
}

@article{ref22,
author = {A. Vedaldi and B.Fulkerson},
title = {VLFeat: An open and portable library of computer vision algorithms.},
journal = {http://www.vlfeat.org/},
year = 2008
}

@article{ref23,
author = {Hang Su, Subhransu Maji, Evangelos Kalogerakis and Erik Learned-Miller},
title = {Multi-view Convolutional Neural Networks for 3D Shape Recognition},
journal = {In ICCV},
year = 2015
}

@article{ref24,
author = {J.Yang, P.Ren, D.Chen, F.Wen, H.Li and G.Hua. },
title = {Neural aggregation network for video face recognition.},
journal = {arxiv preprint arxiv:1603.05474},
year = 2016
}

@article{ref25,
author = {D.Kingma and J.Ba},
title = {Adam: A method for stochastic optimization},
journal = {Arxiv preprint arxiv:1312.6117},
year = 2013
}

@article{ref26,
author = {[4] S.Kumar, C.Konikoff, B. Van Emden, C.Busick, K.T.Davis, S.Ji, L.W.Wu, H. Ramos,  T. Brody, and S. Panchanathan},
title = {Flyexpress: visual mining of spatiotemporal patterns for genes and publications in drosophila embryogenesis},
journal = {Bioinformatics},
volume = 27, 
number = 23, 
pages = {3391--20}, 
year = 2011
}

@article{ref27,
author = {Wei Long, Tiange Li, Yang Yang and Hong-Bin Shen},
title = {FlyIT: Drosophila Embryogenesis Image Annotation based on Image Tiling and Convolutional Neural Networks},
journal = {IEEE/ACM Transactions on Computational Biology and Bioinformatics},
year = 2019
}

@article{ref28,
author = {Babenko, Artem and Lempitsky, Victor},
title = {Aggregating deep convolutional features for image retrieval},
journal = {In ICCV},
year = 2015
}

@article{fishervector,
author = {F.Perronnin, Y.Liu, J. Sanchez, and H. Poirier},
title = {Large-scale image retrieval with compressed fisher vectors.},
journal = {In The Twenty-Third IEEE Conference on Computer vision and Pattern Recognition, CVPR,},
pages = {3384--3391}, 
year = 2010
}


@article{vlad,
author = {H. Jegou, M. Douze, C.Schmid and P.Perez},
title = {Aggregating local descriptors into a compact image representation.},
journal = {In The Twenty-Third IEEE Conference on Computer vision and Pattern Recognition, CVPR,},
pages = {3304--3311}, 
year = 2010
}

@inproceedings{bov,
author = {Yang, Jun and Jiang, Yu-Gang and Hauptmann, Alexander and Ngo, Chong-Wah},
year = {2007},
month = {01},
pages = {197-206},
title = {Evaluating bag-of-visual-words representations in scene classification},
journal = {Proceedings of ACM Multimedia MIR Workshop, 2007},
doi = {10.1145/1290082.1290111}
}

@inproceedings{Feng2017AAAI,
author = {Feng, Ji},
year = {2017},
month = {01},
pages = {},
title = {Deep MIML Network}
}

@article{annofly,
author = {Yang, Yang and Zhou, Mingyu and Fang, Qingwei and Shen, Hong-Bin},
year = {2019},
month = {08},
pages = {2834-2842},
title = {AnnoFly: annotating Drosophila embryonic images based on an attention-enhanced RNN model},
volume = {35},
journal = {Bioinformatics (Oxford, England)},
doi = {10.1093/bioinformatics/bty1064}
}

@inproceedings{MIMT-CNN,
  title={Deep convolutional neural networks for multi-instance multi-task learning},
  author={Zeng, Tao and Ji, Shuiwang},
  booktitle={Data Mining (ICDM), 2015 IEEE International Conference on},
  pages={579--588},
  year={2015},
  organization={IEEE}
}

@article{li2012drosophila,
  title={Drosophila gene expression pattern annotation through multi-instance multi-label learning},
  author={Li, Ying-Xin and Ji, Shuiwang and Kumar, Sudhir and Ye, Jieping and Zhou, Zhi-Hua},
  journal={IEEE/ACM Transactions on Computational Biology and Bioinformatics (TCBB)},
  volume={9},
  number={1},
  pages={98--112},
  year={2012},
  publisher={IEEE Computer Society Press}
}

@inproceedings{zhou2007multi,
  title={Multi-instance multi-label learning with application to scene classification},
  author={Zhou, Zhi-Hua and Zhang, Min-Ling},
  booktitle={Advances in neural information processing systems},
  pages={1609--1616},
  year={2007}
}

@article{zhou2012multi,
  title={Multi-instance multi-label learning},
  author={Zhou, Zhi-Hua and Zhang, Min-Ling and Huang, Sheng-Jun and Li, Yu-Feng},
  journal={Artificial Intelligence},
  volume={176},
  number={1},
  pages={2291--2320},
  year={2012},
  publisher={Elsevier}
}

@article{dietterich1997solving,
  title={Solving the multiple instance problem with axis-parallel rectangles},
  author={Dietterich, Thomas G and Lathrop, Richard H and Lozano-P{\'e}rez, Tom{\'a}s},
  journal={Artificial intelligence},
  volume={89},
  number={1-2},
  pages={31--71},
  year={1997},
  publisher={Elsevier}
}

@inproceedings{zhou2007relation,
  title={On the relation between multi-instance learning and semi-supervised learning},
  author={Zhou, Zhi-Hua and Xu, Jun-Ming},
  booktitle={Proceedings of the 24th international conference on Machine learning},
  pages={1167--1174},
  year={2007},
  organization={ACM}
}
@article{zhou2004multi,
  title={Multi-instance learning: A survey},
  author={Zhou, Zhi-Hua},
  journal={Department of Computer Science \& Technology, Nanjing University, Tech. Rep},
  year={2004}
}
@article{foulds2010review,
  title={A review of multi-instance learning assumptions},
  author={Foulds, James and Frank, Eibe},
  journal={The Knowledge Engineering Review},
  volume={25},
  number={1},
  pages={1--25},
  year={2010},
  publisher={Cambridge University Press}
}
@inproceedings{zhou2009multi,
  title={Multi-instance learning by treating instances as non-iid samples},
  author={Zhou, Zhi-Hua and Sun, Yu-Yin and Li, Yu-Feng},
  booktitle={Proceedings of the 26th annual international conference on machine learning},
  pages={1249--1256},
  year={2009},
  organization={ACM}
}
@inproceedings{zha2008joint,
  title={Joint multi-label multi-instance learning for image classification},
  author={Zha, Zheng-Jun and Hua, Xian-Sheng and Mei, Tao and Wang, Jingdong and Qi, Guo-Jun and Wang, Zengfu},
  booktitle={Computer Vision and Pattern Recognition, 2008. CVPR 2008. IEEE Conference on},
  pages={1--8},
  year={2008},
  organization={IEEE}
}
@article{zhou2005multi,
  title={Multi-instance learning based web mining},
  author={Zhou, Zhi-Hua and Jiang, Kai and Li, Ming},
  journal={Applied Intelligence},
  volume={22},
  number={2},
  pages={135--147},
  year={2005},
  publisher={Springer}
}

@article{wang2000solving,
  title={Solving multiple-instance problem: A lazy learning approach},
  author={Wang, Jun and Zucker, Jean-Daniel},
  year={2000},
  publisher={Morgan Kaufmann}
}

@inproceedings{andrews2003support,
  title={Support vector machines for multiple-instance learning},
  author={Andrews, Stuart and Tsochantaridis, Ioannis and Hofmann, Thomas},
  booktitle={Advances in neural information processing systems},
  pages={577--584},
  year={2003}
}

@article{kamnitsas2017efficient,
title={Efficient multi-scale 3D CNN with fully connected CRF for accurate brain lesion segmentation},
author={Kamnitsas, Konstantinos and Ledig, Christian and Newcombe, Virginia and Simpson, Joanna P and Kane, Andrew D and Menon, David K and Rueckert, Daniel and Glocker, Ben},
journal={Medical Image Analysis},
volume={36},
pages={61--78},
year={2017}}
    

@article{uhlen2010towards,
  title={Towards a knowledge-based human protein atlas},
  author={Uhlen, Mathias and others},
  journal={Nature biotechnology},
  volume={28},
  number={12},
  pages={1248},
  year={2010},
  publisher={Nature Publishing Group}
}%hpa
@article{uhlen2015tissue,
  title={Tissue-based map of the human proteome},
  author={Uhlen, Mathias and others},
  journal={Science},
  volume={347},
  number={6220},
  pages={1260419},
  year={2015},
  publisher={American Association for the Advancement of Science}
}%tissue atlas

@article{thul2017subcellular,
  title={A subcellular map of the human proteome},
  author={Thul, Peter J and others},
  journal={Science},
  volume={356},
  number={6340},
  pages={eaal3321},
  year={2017},
  publisher={American Association for the Advancement of Science}
}%cell atlas

@article{uijlings2013selective,
title={Selective Search for Object Recognition},
author={Uijlings, Jasper and Sande, K E and Gevers, Theo and Smeulders, Arnold W M},
journal={International Journal of Computer Vision},
volume={104},
number={2},
pages={154--171},
year={2013}}
    

@article{he2016deep,
title={Deep Residual Learning for Image Recognition},
author={He, Kaiming and Zhang, Xiangyu and Ren, Shaoqing and Sun, Jian},
pages={770--778},
year={2016}}
    
@article{kumar2011flyexpress,
title={FlyExpress: visual mining of spatiotemporal patterns for genes and publications in Drosophila embryogenesis},
author={Kumar, Sudhir and Konikoff, Charlotte and Van Emden, Bernard and Busick, Christopher and Davis, Kailah T and Ji, Shuiwang and Wu, Lin Wei and Ramos, Hector and Brody, Thomas and Panchanathan, Sethuraman and others},
journal={Bioinformatics},
volume={27},
number={23},
pages={3319--3320},
year={2011}}


@article{tomancak2002systematic,
title={Systematic determination of patterns of gene expression during Drosophila embryogenesis},
author={Tomancak, Pavel and Beaton, Amy and Weiszmann, Richard and Kwan, Elaine and Shu, Shengqiang and Lewis, Suzanna E and Richards, Stephen and Ashburner, Michael and Hartenstein, Volker and Celniker, Susan E and others},
journal={Genome Biology},
volume={3},
number={12},
pages={1--14},
year={2002}}

@article{tomancak2007global,
title={Global analysis of patterns of gene expression during Drosophila embryogenesis},
author={Tomancak, Pavel and Berman, Benjamin P and Beaton, Amy and Weiszmann, Richard and Kwan, Elaine and Hartenstein, Volker and Celniker, Susan E and Rubin, Gerald M},
journal={Genome Biology},
volume={8},
number={7},
pages={1--24},
year={2007}}

@article{tsne,
title={Visualizing Data using t-SNE},
author={Der Maaten, Laurens Van and Hinton, Geoffrey E},
journal={Journal of Machine Learning Research},
volume={9},
pages={2579--2605},
year={2008}}
    
@inproceedings{ji2009drosophila,
  title={Drosophila gene expression pattern annotation using sparse features and term-term interactions},
  author={Ji, Shuiwang and Yuan, Lei and Li, Ying-Xin and Zhou, Zhi-Hua and Kumar, Sudhir and Ye, Jieping},
  booktitle={Proceedings of the 15th ACM SIGKDD international conference on Knowledge discovery and data mining},
  pages={407--416},
  year={2009},
  organization={ACM}
}

@article{ji2009bag,
  title={A bag-of-words approach for Drosophila gene expression pattern annotation},
  author={Ji, Shuiwang and Li, Ying-Xin and Zhou, Zhi-Hua and Kumar, Sudhir and Ye, Jieping},
  journal={BMC bioinformatics},
  volume={10},
  number={1},
  pages={119},
  year={2009},
  publisher={Springer}
}

@article{Li:2012:DGE:2077941.2077950,
 author = {Li, Ying-Xin and Ji, Shuiwang and Kumar, Sudhir and Ye, Jieping and Zhou, Zhi-Hua},
 title = {Drosophila Gene Expression Pattern Annotation Through Multi-Instance Multi-Label Learning},
 journal = {IEEE/ACM Trans. Comput. Biol. Bioinformatics},
 issue_date = {January 2012},
 volume = {9},
 number = {1},
 month = jan,
 year = {2012},
 issn = {1545-5963},
 pages = {98--112},
 numpages = {15},
 url = {http://dx.doi.org/10.1109/TCBB.2011.73},
 doi = {10.1109/TCBB.2011.73},
 acmid = {2077950},
 publisher = {IEEE Computer Society Press},
 address = {Los Alamitos, CA, USA},
 keywords = {Gene expression pattern, image annotation, machine learning, multi-instance multi-label (MIML) learning, support vector machine, Drosophila.},
}

@inproceedings{hmiml,
  title={HMIML: Hierarchical Multi-Instance Multi-Label Learning of Drosophila Embryogenesis Images Using Convolutional Neural Networks},
  author={Li, Tiange and Yang, Yang and Shen, Hongbin},
  booktitle={Proceedings of the 2018 IEEE International Conference on Bioinformatics and Biomedicine},
  year={2018},
  organization={IEEE}
}
